<record><leader>00000cas a22000007a 4500</leader><controlfield tag="001">11864607</controlfield><controlfield tag="008">850329d18291830njuwr ne      0    0eng d</controlfield><datafield ind1=" " ind2=" " tag="010"><subfield code="a">sn 85035534 </subfield></datafield><datafield ind1=" " ind2=" " tag="040"><subfield code="a">NPA</subfield><subfield code="b">eng</subfield><subfield code="c">NPA</subfield><subfield code="d">NJW</subfield><subfield code="d">OCLCQ</subfield></datafield><datafield ind1=" " ind2=" " tag="042"><subfield code="a">msc</subfield></datafield><datafield ind1="0" ind2="0" tag="245"><subfield code="a">Belvidere Apollo &amp; Warren patriot.</subfield></datafield><datafield ind1="3" ind2="0" tag="246"><subfield code="a">Belvidere Apollo and Warren patriot</subfield></datafield><datafield ind1="3" ind2="0" tag="246"><subfield code="a">Warren patriot</subfield></datafield><datafield ind1=" " ind2=" " tag="260"><subfield code="a">Belvidere, Warren Co., N.J. :</subfield><subfield code="b">Charles Sitgreaves and James I. Browne</subfield></datafield><datafield ind1=" " ind2=" " tag="300"><subfield code="a">v.</subfield></datafield><datafield ind1=" " ind2=" " tag="310"><subfield code="a">Weekly</subfield></datafield><datafield ind1="1" ind2=" " tag="362"><subfield code="a">Began in Sept.? 1829.</subfield><subfield code="z">Cf. Gregory, W. Amer. newspapers.</subfield></datafield><datafield ind1="1" ind2=" " tag="362"><subfield code="a">Ceased in Mar. 1830.</subfield></datafield><datafield ind1=" " ind2=" " tag="530"><subfield code="a">Also issued on microfilm by Norton Micro Images.</subfield></datafield><datafield ind1=" " ind2=" " tag="588"><subfield code="a">Description based on: Vol. 1, no. 3 (Nov. 3, 1829).</subfield></datafield><datafield ind1=" " ind2=" " tag="752"><subfield code="a">United States</subfield><subfield code="b">New Jersey</subfield><subfield code="c">Warren</subfield><subfield code="d">Belvidere.</subfield></datafield><datafield ind1="0" ind2="0" tag="780"><subfield code="t">Belvidere Apollo (Belvidere, N.J. : 1825)</subfield><subfield code="w">(DLC)sn 85025576</subfield><subfield code="w">(OCoLC)11801218</subfield></datafield><datafield ind1="0" ind2="0" tag="785"><subfield code="t">Belvidere Apollo (1830)</subfield><subfield code="w">(DLC)sn 85035535</subfield><subfield code="w">(OCoLC)11864395</subfield></datafield></record>